[gd_scene load_steps=10 format=2]

[ext_resource path="res://Scenes/Explosion/Explosion.gd" type="Script" id=1]
[ext_resource path="res://Assets/Particles/twirl_03.png" type="Texture" id=2]
[ext_resource path="res://Scenes/SFX/SFX.tscn" type="PackedScene" id=3]
[ext_resource path="res://Assets/Sfx/explosionCrunch_003.ogg" type="AudioStream" id=4]

[sub_resource type="Gradient" id=1]
offsets = PoolRealArray( 0.171779, 1 )
colors = PoolColorArray( 1, 1, 1, 1, 1, 1, 1, 0 )

[sub_resource type="GradientTexture" id=2]
gradient = SubResource( 1 )

[sub_resource type="Curve" id=3]
_data = [ Vector2( 0, 0 ), 0.0, -0.0517241, 0, 0, Vector2( 0.770833, 1 ), 0.652395, 0.0, 0, 0 ]

[sub_resource type="CurveTexture" id=4]
curve = SubResource( 3 )

[sub_resource type="ParticlesMaterial" id=5]
lifetime_randomness = 0.25
emission_shape = 1
emission_sphere_radius = 100.0
flag_disable_z = true
direction = Vector3( 0, 0, 0 )
gravity = Vector3( 0, 0, 0 )
orbit_velocity = 0.0
orbit_velocity_random = 0.0
angle = 360.0
angle_random = 1.0
scale = 6.0
scale_random = 1.0
scale_curve = SubResource( 4 )
color_ramp = SubResource( 2 )

[node name="Explosion" type="Node2D"]
script = ExtResource( 1 )

[node name="Particles2D" type="Particles2D" parent="."]
scale = Vector2( 0.1, 0.1 )
emitting = false
lifetime = 3.0
one_shot = true
speed_scale = 6.0
explosiveness = 0.75
process_material = SubResource( 5 )
texture = ExtResource( 2 )

[node name="Timer" type="Timer" parent="."]
autostart = true

[node name="SFX" parent="." instance=ExtResource( 3 )]

[node name="Explosion" type="AudioStreamPlayer2D" parent="SFX"]
stream = ExtResource( 4 )
pitch_scale = 0.5
bus = "Sfx"
[connection signal="timeout" from="Timer" to="." method="_on_Timer_timeout"]
[connection signal="finished" from="SFX/Explosion" to="." method="_on_Explosion_finished"]
